@online{mul,
    author = "Ермолаев Игорь",
    title = "Умножение матриц: эффективная реализация шаг за шагом {[ЭЛ. РЕСУРС] Режим доступа:}",
    url = "https://habr.com/ru/post/359272/",
    addendum = "(дата обращения: 20.10.2020)",
    keywords = "multiply"
}

@online{geek,
    author = "Мария Лисянская",
    title = "Python. Работа с потоками{[ЭЛ. РЕСУРС] Режим доступа:}",
    url = "https://geekbrains.ru/posts/python_threading_part1",
    addendum = "(дата обращения: 22.11.2020)",
    keywords = "python, threads"
}

@online{doc,
    author = "Гвидо ван Россум",
    title = "Python documentation{[ЭЛ. РЕСУРС] Режим доступа:}",
    url = "https://docs.python.org/3/library/concurrent.futures.html",
    addendum = "(дата обращения: 22.11.2020)",
    keywords = "python, threads, doc"
}

@online{paral,
    author = "Интуит",
    title = "Введение в технологии параллельного программирования{[ЭЛ. РЕСУРС] Режим доступа:}",
    url = "https://intuit.ru/studies/courses/4447/983/lecture/14925",
    addendum = "(дата обращения: 22.11.2020)",
    keywords = "python, threads, doc"
}