@online{sortIntro,
    author = "Marcus Sanatan",
    title = "Sorting Algorithms in Python {[ЭЛ. РЕСУРС] Режим доступа:}",
    url = "https://stackabuse.com/sorting-algorithms-in-python/",
    addendum = "(дата обращения: 10.11.2020)",
    keywords = "sorting"
}

@online{yandexSortAlg,
    author = "Yandex",
    title = "Основные виды сортировок и примеры их реализации{[ЭЛ. РЕСУРС] Режим доступа:}",
    url = "https://academy.yandex.ru/posts/osnovnye-vidy-sortirovok-i-primery-ikh-realizatsii",
    addendum = "(дата обращения: 10.11.2020)",
    keywords = "sorting, yandex"
}