@online{dict,
    author = "Александр",
    title = "Словари в Python 3 — основные методы и функции {[ЭЛ. РЕСУРС] Режим доступа:}",
    url = "https://pythonru.com/osnovy/python-dict",
    addendum = "(дата обращения: 20.12.2020)",
    keywords = "wiki"
}

@online{bin,
    author = "Лаборатория Линуксоида",
    title = "Двоичный поиск элемента{[ЭЛ. РЕСУРС] Режим доступа:}",
    url = "https://younglinux.info/algorithm/dichotomy",
    addendum = "(дата обращения: 20.12.2020)",
    keywords = "python"
}

@online{doc,
    author = "Гвидо ван Россум",
    title = "Python documentation{[ЭЛ. РЕСУРС] Режим доступа:}",
    url = "https://docs.python.org/3/library/concurrent.futures.html",
    addendum = "(дата обращения: 22.11.2020)",
    keywords = "python, threads, doc"
}
