@online{mul,
    author = "Ермолаев Игорь",
    title = "Умножение матриц: эффективная реализация шаг за шагом {[ЭЛ. РЕСУРС] Режим доступа:}",
    url = "https://habr.com/ru/post/359272/",
    addendum = "(дата обращения: 20.10.2020)",
    keywords = "multiply"
}

@online{mulAlg,
    author = "algolib@narod.ru",
    title = "Основные алгоритмы умножения матриц{[ЭЛ. РЕСУРС] Режим доступа:}",
    url = "http://www.algolib.narod.ru/Math/Matrix.html",
    addendum = "(дата обращения: 18.10.2020)",
    keywords = "algorithms, vinograd"
}