@online{opz,
    author = "Wikipedia",
    title = "Обратная польская запись{[ЭЛ. РЕСУРС] Режим доступа:}",
    url = "https://ru.wikipedia.org/wiki/%D0%9E%D0%B1%D1%80%D0%B0%D1%82%D0%BD%D0%B0%D1%8F_%D0%BF%D0%BE%D0%BB%D1%8C%D1%81%D0%BA%D0%B0%D1%8F_%D0%B7%D0%B0%D0%BF%D0%B8%D1%81%D1%8C",
    addendum = "(дата обращения: 27.12.2020)",
    keywords = "wiki"
}


@online{doc,
    author = "Гвидо ван Россум",
    title = "Python documentation{[ЭЛ. РЕСУРС] Режим доступа:}",
    url = "https://docs.python.org/3/library/concurrent.futures.html",
    addendum = "(дата обращения: 22.11.2020)",
    keywords = "python, threads, doc"
}
